% Encoding: UTF-8
% !Mode::"BibTeX:UTF-8"
@article {Lustenhouwer11551,
	author = {Lustenhouwer, Nicky and Maynard, Daniel S. and Bradford, Mark A. and Lindner, Daniel L. and Oberle, Brad and Zanne, Amy E. and Crowther, Thomas W.},
	title = {A trait-based understanding of wood decomposition by fungi},
	volume = {117},
	number = {21},
	pages = {11551--11558},
	year = {2020},
	doi = {10.1073/pnas.1909166117},
	publisher = {National Academy of Sciences},
	issn = {0027-8424},
	journal = {Proceedings of the National Academy of Sciences}
}
@article{Bretschneider2011A,
	author = {Maynard, Daniel and Bradford, Mark and Covey, Kristofer and Lindner, Daniel and Glaeser, Jessie and Talbert, Douglas and Tinker, Paul and Walker, Donald and Crowther, Thomas},
	year = {2019},
	month = {05},
	pages = {1},
	title = {Consistent trade-offs in fungal trait expression across broad spatial scales},
	volume = {4},
	journal = {Nature Microbiology},
	doi = {10.1038/s41564-019-0361-5}
}
@article{jiang2,
	author = {SUN Guang-cai, SUN Huan},
	year = {2013},
	month = {09},
	title = {Analysis on Symbiosis Model of Two Populations},
	volume = {28},
	journal = {Journal of Weinan Normal University},
	doi = {10.15924/j.cnki.1009-5128.2013.09.003}
}
@book{jiang3,
	author={Ruan jiong},
	title={Differential equations and normal differential equations},
	publisher={Fudan University},
	year={2002}
}
@article{jiang4,
	author = {CHEN Shasha, LIAO Xinyuan, LI Jiaji},
	year = {2020},
	month = {06},
	pages = {55-61},
	title = {Survival Analysis of Stochastic Competition Model with Time Delay in Polluted Environment},
	volume = {34},
	journal = {Journal of University of South China( Science and Technology)},
	doi = {10.19431/j.cnki.1673Ôºç0062.2020.06.010}
}
@article{jiang5,
	author = {ZHENG Tao, ZHOU Xinran, ZHANG Long},
	year = {2019},
	month = {03},
	pages = {64-70},
	title = {Global Asymptotic Stability of Predator-Competition-Cooperative Hybrid Population Models of Three Species},
	volume = {38},
	journal = {Journal of Guangxi Normal University(Natural Science Edition)},
	doi = {10.16088/j.issn.1001-6600.2020.05.008}
}
@article{zzwd,
	author = {Tang Jiade},
	year = {2007},
	month = {09},
	pages = {16-18+34},
	title = {Numerical solution of three species Volterra model based on MATLAB}
}



@Comment{jabref-meta: databaseType:bibtex;}
